<?xml version="1.0" encoding="UTF-8"?><collection xmlns="http://www.loc.gov/MARC21/slim"><record><leader>00369nam--2200133-i-4500</leader><controlfield tag="001">000023998</controlfield><controlfield tag="002">20161230</controlfield><controlfield tag="005">20161230201035</controlfield><controlfield tag="008">060222s1000------------r-----000-0-eng-d</controlfield><datafield ind1=" " ind2=" " tag="080"><subfield code="a">615.849:621.039.85</subfield></datafield><datafield ind1=" " ind2=" " tag="245"><subfield code="a">The chemistry of radiopharmaceuticals</subfield></datafield><datafield ind1=" " ind2=" " tag="260"><subfield code="a">New York, Masson Publishing Usa, Inc., 1978, Ix + 294p</subfield></datafield><datafield ind1=" " ind2=" " tag="700"><subfield code="a">Heindel, Ned D. /S.A.</subfield></datafield><datafield ind1=" " ind2=" " tag="852"><subfield code="a">48839</subfield></datafield></record></collection>